@article{girdhar2019cater,
  title={CATER: A diagnostic dataset for Compositional Actions and TEmporal Reasoning},
  author={Girdhar, Rohit and Ramanan, Deva},
  journal={ICLR},
  year={2020}
}